% Encoding: UTF-8

@Article{NachnameNachname22016,
  author  = {Vorname Nachname1 and Vorname2 Nachname2},
  journal = {Sample Journal},
  title   = {Name of Sample Entry},
  year    = {2016},
}

@Comment{jabref-meta: databaseType:bibtex;}
